@inproceedings{vanRest:2016,
 author = {van Rest, Oskar and Hong, Sungpack and Kim, Jinha and Meng, Xuming and Chafi, Hassan},
 title = {PGQL: A Property Graph Query Language},
 booktitle = {Proceedings of the Fourth International Workshop on Graph Data Management Experiences and Systems},
 series = {GRADES '16},
 year = {2016},
 isbn = {978-1-4503-4780-8},
 location = {Redwood Shores, California},
 pages = {7:1--7:6},
 articleno = {7},
 numpages = {6},
 url = {http://doi.acm.org/10.1145/2960414.2960421},
 doi = {10.1145/2960414.2960421},
 acmid = {2960421},
 publisher = {ACM},
 address = {New York, NY, USA},
 keywords = {graph query languages, graph-structured data, property graphs},
} 


@inproceedings{Sun:2015,
 author = {Sun, Wen and Fokoue, Achille and Srinivas, Kavitha and Kementsietsidis, Anastasios and Hu, Gang and Xie, Guotong},
 title = {SQLGraph: An Efficient Relational-Based Property Graph Store},
 booktitle = {Proceedings of the 2015 ACM SIGMOD International Conference on Management of Data},
 series = {SIGMOD '15},
 year = {2015},
 isbn = {978-1-4503-2758-9},
 location = {Melbourne, Victoria, Australia},
 pages = {1887--1901},
 numpages = {15},
 url = {http://doi.acm.org/10.1145/2723372.2723732},
 doi = {10.1145/2723372.2723732},
 acmid = {2723732},
 publisher = {ACM},
 address = {New York, NY, USA},
 keywords = {gremlin, property graphs, relational storage},
} 


@article{Gremlin,
  author    = {Marko A. Rodriguez},
  title     = {The Gremlin Graph Traversal Machine and Language},
  journal   = {CoRR},
  volume    = {abs/1508.03843},
  year      = {2015},
  url       = {http://arxiv.org/abs/1508.03843},
  timestamp = {Tue, 01 Sep 2015 14:42:40 +0200},
  biburl    = {http://dblp.uni-trier.de/rec/bib/journals/corr/Rodriguez15},
  bibsource = {dblp computer science bibliography, http://dblp.org}
}

@INPROCEEDINGS{Nom, 
author={G. Couprie}, 
booktitle={2015 IEEE Security and Privacy Workshops}, 
title={Nom, A Byte oriented, streaming, Zero copy, Parser Combinators Library in Rust}, 
year={2015}, 
pages={142-148}, 
keywords={formal languages;grammars;program slicing;storage management;Nom;Rust language;level code;memory management;parser combinators library;parsing library;Arrays;Grammar;Instruction sets;Libraries;Memory management;Optimized production technology;low level code;memory safety;parser combinator;parser combinator library;state machine;state machine representation;streaming parser}, 
doi={10.1109/SPW.2015.31}, 
month={May},}

@inproceedings{Greenmarl,
 author = {Hong, Sungpack and Chafi, Hassan and Sedlar, Edic and Olukotun, Kunle},
 title = {Green-Marl: A DSL for Easy and Efficient Graph Analysis},
 booktitle = {Proceedings of the Seventeenth International Conference on Architectural Support for Programming Languages and Operating Systems},
 series = {ASPLOS XVII},
 year = {2012},
 isbn = {978-1-4503-0759-8},
 location = {London, England, UK},
 pages = {349--362},
 numpages = {14},
 url = {http://doi.acm.org/10.1145/2150976.2151013},
 doi = {10.1145/2150976.2151013},
 acmid = {2151013},
 publisher = {ACM},
 address = {New York, NY, USA},
 keywords = {domain-specific language, graph, parallel programming},
}


@INPROCEEDINGS{Graphiql, 
author={A. Jindal and S. Madden}, 
booktitle={2014 IEEE International Conference on Big Data (Big Data)}, 
title={GRAPHiQL: A graph intuitive query language for relational databases}, 
year={2014}, 
pages={441-450}, 
keywords={SQL;data analysis;relational databases;Apache Giraph;GRAPHiQL language;SQL;graph analytics;graph intuitive query language;graph operation;machine learning;relational database;social network analysis;Aggregates;Computational modeling;Database languages;Engines;Relational databases;Vectors}, 
doi={10.1109/BigData.2014.7004261}, 
month={Oct},}

@Inbook{PQL,
author="Jarzabek, Stan",
editor="Sch{\"a}fer, Wilhelm
and Botella, Pere",
title="PQL: A language for specifying abstract program views",
bookTitle="Software Engineering --- ESEC '95: 5th European Software Engineering Conference Sitges, Spain, September 25--28, 1995 Proceedings",
year="1995",
publisher="Springer Berlin Heidelberg",
address="Berlin, Heidelberg",
pages="324--342",
isbn="978-3-540-45552-3",
doi="10.1007/3-540-60406-5_23",
url="http://dx.doi.org/10.1007/3-540-60406-5_23"
}

@inproceedings{Differential,
author = {McSherry, Frank and Murray, Derek and Isaacs, Rebecca and Isard, Michael},
title = {Differential dataflow},
booktitle = {Proceedings of CIDR 2013},
year = {2013},
month = {January},
publisher = {},
url = {https://www.microsoft.com/en-us/research/publication/differential-dataflow/},
address = {},
pages = {},
journal = {},
volume = {},
chapter = {},
isbn = {},
}

@inproceedings {Jellyfish,
author = {Ankit Singla and Chi-Yao Hong and Lucian Popa and P. Brighten Godfrey},
title = {Jellyfish: Networking Data Centers Randomly},
booktitle = {Presented as part of the 9th USENIX Symposium on Networked Systems Design and Implementation (NSDI 12)},
year = {2012},
isbn = {978-931971-92-8},
address = {San Jose, CA},
pages = {225--238},
url = {https://www.usenix.org/conference/nsdi12/technical-sessions/presentation/singla},
publisher = {USENIX},
}

@inproceedings{FatTree,
 author = {Al-Fares, Mohammad and Loukissas, Alexander and Vahdat, Amin},
 title = {A Scalable, Commodity Data Center Network Architecture},
 booktitle = {Proceedings of the ACM SIGCOMM 2008 Conference on Data Communication},
 series = {SIGCOMM '08},
 year = {2008},
 isbn = {978-1-60558-175-0},
 location = {Seattle, WA, USA},
 pages = {63--74},
 numpages = {12},
 url = {http://doi.acm.org/10.1145/1402958.1402967},
 doi = {10.1145/1402958.1402967},
 acmid = {1402967},
 publisher = {ACM},
 address = {New York, NY, USA},
 keywords = {data center topology, equal-cost routing},
} 

@misc{GitDiff,
  title = {Github {Frank} {McSherry} {Differential} {Dataflow}},
  howpublished = {\url{https://github.com/frankmcsherry/differential-dataflow}},
  note = {Accessed: 2017-03-30}
}

@misc{GitTimely,
  title = {Github {Frank} {McSherry} {Timely} {Dataflow}},
  howpublished = {\url{https://github.com/frankmcsherry/timely-dataflow}},
  note = {Accessed: 2017-03-30}
}

@misc{GitNom,
  title = {Github {Geoffroy} {Couprie} {Nom}},
  howpublished = {\url{https://github.com/geal/nom}},
  note = {Accessed: 2017-03-30}
}

@misc{PGQLSpec,
  title = {Oracle {Official} {PGQL} {Specifications}},
  howpublished = {\url{http://pgql-lang.org/spec/1.0/}},
  note = {Accessed: 2017-03-30}
}
@misc{RustLang,
  title = {Official {Rust} {Website} },
  howpublished = {\url{https://www.rust-lang.org/en-US/}},
  note = {Accessed: 2017-03-30}
}

@misc{SPARQL,
  title = {SPARQL {Query} {Language} },
  howpublished = {\url{https://www.w3.org/TR/2008/REC-rdf-sparql-query-20080115/}},
  note = {Accessed: 2017-03-30}
}

@misc{EdgeList,
  title = {Oracle {Edge-List} {Format} },
  howpublished = {\url{https://docs.oracle.com/cd/E56133_01/2.3.1/reference/loader/file-system/plain-text-formats.html}},
  note = {Accessed: 2017-03-30}
}
